@book{leonhardt1985estructuras,
	title={Estructuras de hormig{\'o}n armado},
	author={Leonhardt, Fritz and Monning, Eduard},
	year={1985},
	publisher={El Ateneo}
}
@article{rio2008patologia,
	title={Patolog{\'i}a, reparaci{\'o}n y refuerzo de estructuras de hormig{\'o}n armado de edificaci{\'o}n},
	author={R{\'i}o Bueno, Alfonso del},
	year={2008},
	publisher={ETS Arquitectura (UPM)}
}
@phdthesis{lozano2008criterios,
	title={Criterios t{\'e}cnicos para el descimbrado de estructuras de hormig{\'o}n},
	author={Lozano, Justo D{\'i}az},
	year={2008},
	school={Universidad Polit{\'e}cnica de Madrid}
}
@article{lara2018estructuras,
	title={Estructuras Aporticadas de Hormig{\'o}n Armado que Colapsaron en el Terremoto del 16 de Abril de 2016 en Tabuga--Ecuador},
	author={Lara, M Lenin and Aguirre, Hernan and Gallegos, Marco},
	journal={Revista Polit{\'e}cnica},
	volume={42},
	number={1},
	pages={37--46},
	year={2018},
	publisher={Escuela Polit{\'e}cnica Nacional}
}
@inproceedings{ercolani2007empleo,
	title={Empleo de Ultrasonidos y Esclerometr{\'i}a en el diagn{\'o}stico de Estructuras de Hormig{\'o}n Afectadas por Elevadas Temperaturas},
	author={Ercolani, GD and Ortega, NF and Se{\~n}as, L},
	booktitle={Proceedings of Conferencia Panamericana de END},
	year={2007}
}