Automatically generated by Mendeley Desktop 1.19.4
Any changes to this file will be lost if it is regenerated by Mendeley.

BibTeX export options can be customized via Options -> BibTeX in Mendeley Desktop

@misc{ArgosyMedicalAnimation,
author = {{Argosy Medical Animation}},
booktitle = {Argosy Publishing},
title = {{Visible body: Discover human anatomy}},
url = {https://www.visiblebody.com/},
urldate = {2016-04-20},
year = {2007}
}
@book{guia4,
address = {Montevideo, Uruguay},
author = {Echevarr{\'{i}}a, B and Delfino, F},
publisher = {Departamento de Documentaci{\'{o}}n y Biblioteca, Facultad de Ciencias Econ{\'{o}}micas y de Administraci{\'{o}}n, UdelaR},
title = {{Pautas para la presentaci{\'{o}}n de monograf{\'{i}}as. Normalizaci{\'{o}}n de las Monograf{\'{i}}as de grado o titulaci{\'{o}}n}},
year = {2010}
}
@article{article-example,
author = {Iesan, D},
journal = {Journal of Elasticity},
month = {feb},
number = {2},
pages = {145--163},
title = {{Existence Theorems in the Theory of Mixtures}},
volume = {42},
year = {1996}
}
@techreport{techreport-example,
author = {Maestrello, L},
number = {{\{}TM{\}}{\~{}}{\{}X{\}}-72835},
title = {{Two-Point Correlations of Sound Pressure in the Far Field of a Jet: Experiment}},
type = {NASA},
year = {1976}
}
@book{guia2,
address = {Montevideo, Uruguay},
author = {Costabel, M and Verde, J},
publisher = {Centro de Posgrado, Facultad de Enfermer{\'{i}}a, UdelaR},
title = {{Modelo de presentaci{\'{o}}n de protocolo e informe final de la tesis, plan maestr{\'{i}}a}},
year = {2009}
}
@book{guia1,
address = {Buenos Aires},
author = {Adelstein, A and Kuguel, I},
publisher = {Universidad Nacional de General Sarmiento},
title = {{Los textos acad{\'{e}}micos en el nivel universitario}},
year = {2011}
}
@techreport{techreport-exampleIn,
address = {Washington, D.C.},
author = {Garret, D A},
institution = {National Bureau of Standards},
number = {NBSIR 78-1434},
title = {{The Microscopic Detection of Corrosion in Aluminum Aircraft Structures with Thermal Neutron Beams and Film Imaging Methods}},
type = {In: Report},
year = {1977}
}
@phdthesis{phdthesis-example,
address = {Rio de Janeiro, RJ, Brasil},
author = {Paes{\~{}}Junior, H R},
school = {COPPE/UFRJ},
title = {{Influ{\^{e}}ncia da Espessura da Camada Intr{\'{i}}nseca e Energia do Foton na Degrada{\c{c}}{\~{a}}o de C{\'{e}}lulas Solares de Sil{\'{i}}cio Amorfo Hidrogenado}},
type = {Tese de {\{}D.Sc.{\}}},
year = {1994}
}
@book{book-example,
address = {New York},
author = {Abraham, R and Marsden, J E and Ratiu, T},
edition = {2},
publisher = {Springer-Verlag},
title = {{Manifolds, Tensor Analysis, and Applications}},
year = {2000}
}
@inproceedings{inproceedings-example,
address = {Rio de Janeiro},
author = {Gurtin, M E},
booktitle = {Proceedings of the International Symposium on Continuum Mechanics and Partial Differential Equations: Contemporary Developments in Continuum Mechanics and Partial Differential Equations},
month = aug,
pages = {237--253},
title = {{On the nonlinear theory of elasticity}},
year = {1977}
}
@mastersthesis{mastersthesis-example,
address = {Berkeley, California, USA},
author = {Tuntomo, A},
school = {University of California at Berkeley},
title = {{Transport Phenomena in a Small Particle with Internal Radiant Absorption}},
type = {{\{}Ph.D.{\}} dissertation},
year = {1990}
}
@incollection{incollection-example,
author = {Cowin, S C},
booktitle = {Non-Classical Continuum Mechanics},
pages = {174--186},
publisher = {Cambridge University Press},
series = {London Mathematical Society Lecture Note Series},
title = {{Adaptive Anisotropy: An Example in Living Bone}},
volume = {122},
year = {1987}
}
@inbook{inbook-example,
address = {New York, USA},
author = {Edwards, D K},
booktitle = {Measurements in Heat Transfer},
chapter = {10},
edition = {2},
editor = {Eckert, E R G and Goldstein, R J},
publisher = {Hemisphere Publishing Corporation},
title = {{Thermal Radiation Measurements}},
year = {1976}
}
@misc{biber,
	author = {Philip Kime and François Charette},
	title = {biber — A BibTeX replacement for users of biblatex},
	url = {http://www.ctan.org/texarchive/biblio/biber/},
	urldate = {2016-02-09},
	year = {2015}
}
@book{biblatex,
	address = {Oslo},
	author = {Knut Hegna and Dag Langmyhr},
	publisher = {Department of Informatics, University of Oslo},
	title = {Local guide to BibLaTeX},
	year = {2019}
}